@incollection{coward,
  title={Towards a theoretical neuroscience},
  author={Coward, L Andrew},
  booktitle={Towards a Theoretical Neuroscience: from Cell Chemistry to Cognition},
  year={2013},
  publisher={Springer}
}