@article{pixelcnn1,
  title={Pixel recurrent neural networks},
  author={van den Oord, A{\"a}ron and Kalchbrenner, Nal and Kavukcuoglu, Koray},
  journal={arXiv preprint arXiv:1601.06759},
  year={2016}
}

@inproceedings{pixelcnn2,
  title={Conditional image generation with {PixelCNN} decoders},
  author={van den Oord, A{\"a}ron and Kalchbrenner, Nal and Espeholt, Lasse and Vinyals, Oriol and Graves, Alex and others},
  booktitle={Advances in Neural Information Processing Systems},
  pages={4790--4798},
  year={2016}
}

@article{pixelcnn3,
  title={Generating interpretable images with controllable structure},
  author={Reed, Scott and van den Oord, A{\"a}ron and Kalchbrenner, Nal and Bapst, Victor and Botvinick, Matt and de Freitas, Nando},
  year={2016}
}

@article{pixelcnn++,
  title={{PixelCNN++}: Improving the {PixelCNN} with discretized logistic mixture likelihood and other modifications},
  author={Salimans, Tim and Karpathy, Andrej and Chen, Xi and Kingma, Diederik P},
  journal={arXiv preprint arXiv:1701.05517},
  year={2017}
}

@article{quantile,
  title={Autoregressive Quantile Networks for Generative Modeling},
  author={Ostrovski, Georg and Dabney, Will and Munos, R{\'e}mi},
  journal={arXiv preprint arXiv:1806.05575},
  year={2018}
}

@article{bytenet,
  title={Neural machine translation in linear time},
  author={Kalchbrenner, Nal and Espeholt, Lasse and Simonyan, Karen and Oord, Aaron van den and Graves, Alex and Kavukcuoglu, Koray},
  journal={arXiv preprint arXiv:1610.10099},
  year={2016}
}

@inproceedings{wavenet,
  title={{WaveNet}: A generative model for raw audio.},
  author={van den Oord, A{\"a}ron and Dieleman, Sander and Zen, Heiga and Simonyan, Karen and Vinyals, Oriol and Graves, Alex and Kalchbrenner, Nal and Senior, Andrew W and Kavukcuoglu, Koray},
  booktitle={SSW},
  pages={125},
  year={2016}
}

@article{superres,
  title={Pixel recursive super resolution},
  author={Dahl, Ryan and Norouzi, Mohammad and Shlens, Jonathon},
  journal={arXiv preprint arXiv:1702.00783},
  year={2017}
}

@article{videopixel,
  title={Video pixel networks},
  author={Kalchbrenner, Nal and van den Oord, A{\"a}ron and Simonyan, Karen and Danihelka, Ivo and Vinyals, Oriol and Graves, Alex and Kavukcuoglu, Koray},
  journal={arXiv preprint arXiv:1610.00527},
  year={2016}
}

@article{pixelsnail,
  title={{PixelSNAIL}: An Improved Autoregressive Generative Model},
  author={Chen, Xi and Mishra, Nikhil and Rohaninejad, Mostafa and Abbeel, Pieter},
  journal={arXiv preprint arXiv:1712.09763},
  year={2017}
}

@article{fbtranslate,
  title={Convolutional sequence to sequence learning},
  author={Gehring, Jonas and Auli, Michael and Grangier, David and Yarats, Denis and Dauphin, Yann N},
  journal={arXiv preprint arXiv:1705.03122},
  year={2017}
}

@article{auxiliary,
  title={{PixelCNN} models with auxiliary variables for natural image modeling},
  author={Kolesnikov, Alexander and Lampert, Christoph H},
  journal={arXiv preprint arXiv:1612.08185},
  year={2016}
}

@article{multiscale,
  title={Parallel multiscale autoregressive density estimation},
  author={Reed, Scott and Oord, A{\"a}ron van den and Kalchbrenner, Nal and Colmenarejo, Sergio G{\'o}mez and Wang, Ziyu and Belov, Dan and de Freitas, Nando},
  journal={arXiv preprint arXiv:1703.03664},
  year={2017}
}

@inproceedings{gan,
  title={Generative adversarial nets},
  author={Goodfellow, Ian and Pouget-Abadie, Jean and Mirza, Mehdi and Xu, Bing and Warde-Farley, David and Ozair, Sherjil and Courville, Aaron and Bengio, Yoshua},
  booktitle={Advances in neural information processing systems},
  pages={2672--2680},
  year={2014}
}

@article{progressivegrowing,
  title={Progressive growing of {GAN}s for improved quality, stability, and variation},
  author={Karras, Tero and Aila, Timo and Laine, Samuli and Lehtinen, Jaakko},
  journal={arXiv preprint arXiv:1710.10196},
  year={2017}
}

@article{stackgan,
  title={{StackGAN}: Text to photo-realistic image synthesis with stacked generative adversarial networks},
  author={Zhang, Han and Xu, Tao and Li, Hongsheng and Zhang, Shaoting and Huang, Xiaolei and Wang, Xiaogang and Metaxas, Dimitris},
  journal={arXiv preprint},
  year={2017}
}

@inproceedings{preferredinputs,
  title={Synthesizing the preferred inputs for neurons in neural networks via deep generator networks},
  author={Nguyen, Anh and Dosovitskiy, Alexey and Yosinski, Jason and Brox, Thomas and Clune, Jeff},
  booktitle={Advances in Neural Information Processing Systems},
  pages={3387--3395},
  year={2016}
}

@article{imagefromcaption,
  title={Generating images from captions with attention},
  author={Mansimov, Elman and Parisotto, Emilio and Ba, Jimmy Lei and Salakhutdinov, Ruslan},
  journal={arXiv preprint arXiv:1511.02793},
  year={2015}
}

@article{unsupervisedgan,
  title={Unsupervised representation learning with deep convolutional generative adversarial networks},
  author={Radford, Alec and Metz, Luke and Chintala, Soumith},
  journal={arXiv preprint arXiv:1511.06434},
  year={2015}
}

@article{vaegan,
  title={Autoencoding beyond pixels using a learned similarity metric},
  author={Larsen, Anders Boesen Lindbo and S{\o}nderby, S{\o}ren Kaae and Larochelle, Hugo and Winther, Ole},
  journal={arXiv preprint arXiv:1512.09300},
  year={2015}
}

@article{vaeganinterpolation,
  title={Understanding and Improving Interpolation in Autoencoders via an Adversarial Regularizer},
  author={Berthelot, David and Raffel, Colin and Roy, Aurko and Goodfellow, Ian},
  journal={arXiv preprint arXiv:1807.07543},
  year={2018}
}

@inproceedings{structurestylegan,
  title={Generative image modeling using style and structure adversarial networks},
  author={Wang, Xiaolong and Gupta, Abhinav},
  booktitle={European Conference on Computer Vision},
  pages={318--335},
  year={2016},
  organization={Springer}
}

@article{texttoimagegan,
  title={Generative adversarial text to image synthesis},
  author={Reed, Scott and Akata, Zeynep and Yan, Xinchen and Logeswaran, Lajanugen and Schiele, Bernt and Lee, Honglak},
  journal={arXiv preprint arXiv:1605.05396},
  year={2016}
}

@article{imagetoimagegan,
  title={Image-to-image translation with conditional adversarial networks},
  author={Isola, Phillip and Zhu, Jun-Yan and Zhou, Tinghui and Efros, Alexei A},
  journal={arXiv preprint},
  year={2017}
}

@article{cyclegan,
  title={Unpaired image-to-image translation using cycle-consistent adversarial networks},
  author={Zhu, Jun-Yan and Park, Taesung and Isola, Phillip and Efros, Alexei A},
  journal={arXiv preprint},
  year={2017}
}

@article{energygan,
  title={Energy-based generative adversarial network},
  author={Zhao, Junbo and Mathieu, Michael and LeCun, Yann},
  journal={arXiv preprint arXiv:1609.03126},
  year={2016}
}

@article{unrolledgan,
  title={Unrolled generative adversarial networks},
  author={Metz, Luke and Poole, Ben and Pfau, David and Sohl-Dickstein, Jascha},
  journal={arXiv preprint arXiv:1611.02163},
  year={2016}
}

@article{multiagentgan,
  title={Multi-agent diverse generative adversarial networks},
  author={Ghosh, Arnab and Kulharia, Viveka and Namboodiri, Vinay and Torr, Philip HS and Dokania, Puneet K},
  journal={CoRR, abs/1704.02906},
  volume={6},
  pages={7},
  year={2017}
}

@article{wgan,
  title={{W}asserstein {GAN}},
  author={Arjovsky, Martin and Chintala, Soumith and Bottou, L{\'e}on},
  journal={arXiv preprint arXiv:1701.07875},
  year={2017}
}

@inproceedings{improvedwgans,
  title={Improved training of {W}asserstein {GAN}s},
  author={Gulrajani, Ishaan and Ahmed, Faruk and Arjovsky, Martin and Dumoulin, Vincent and Courville, Aaron C},
  booktitle={Advances in Neural Information Processing Systems},
  pages={5767--5777},
  year={2017}
}

@inproceedings{gantechniques,
  title={Improved techniques for training {GAN}s},
  author={Salimans, Tim and Goodfellow, Ian and Zaremba, Wojciech and Cheung, Vicki and Radford, Alec and Chen, Xi},
  booktitle={Advances in Neural Information Processing Systems},
  pages={2234--2242},
  year={2016}
}

@article{largegan,
  title={Large Scale {GAN} Training for High Fidelity Natural Image Synthesis},
  author={Brock, Andrew and Donahue, Jeff and Simonyan, Karen},
  journal={arXiv preprint arXiv:1809.11096},
  year={2018}
}

@article{vae,
  title={Auto-encoding variational {B}ayes},
  author={Kingma, Diederik P and Welling, Max},
  journal={arXiv preprint arXiv:1312.6114},
  year={2013}
}

@article{vae2,
  title={Stochastic backpropagation and approximate inference in deep generative models},
  author={Rezende, Danilo Jimenez and Mohamed, Shakir and Wierstra, Daan},
  journal={arXiv preprint arXiv:1401.4082},
  year={2014}
}

@article{drawvae,
  title={Draw: A recurrent neural network for image generation},
  author={Gregor, Karol and Danihelka, Ivo and Graves, Alex and Rezende, Danilo Jimenez and Wierstra, Daan},
  journal={arXiv preprint arXiv:1502.04623},
  year={2015}
}

@article{vaeflows,
  title={Variational inference with normalizing flows},
  author={Rezende, Danilo Jimenez and Mohamed, Shakir},
  journal={arXiv preprint arXiv:1505.05770},
  year={2015}
}

@article{adversarialvae,
  title={Adversarial autoencoders},
  author={Makhzani, Alireza and Shlens, Jonathon and Jaitly, Navdeep and Goodfellow, Ian and Frey, Brendan},
  journal={arXiv preprint arXiv:1511.05644},
  year={2015}
}

@inproceedings{vaecompression,
  title={Towards conceptual compression},
  author={Gregor, Karol and Besse, Frederic and Rezende, Danilo Jimenez and Danihelka, Ivo and Wierstra, Daan},
  booktitle={Advances In Neural Information Processing Systems},
  pages={3549--3557},
  year={2016}
}

@inproceedings{vaeiaf,
  title={Improved variational inference with inverse autoregressive flow},
  author={Kingma, Diederik P and Salimans, Tim and Jozefowicz, Rafal and Chen, Xi and Sutskever, Ilya and Welling, Max},
  booktitle={Advances in Neural Information Processing Systems},
  pages={4743--4751},
  year={2016}
}

@article{vaelossy,
  title={Variational lossy autoencoder},
  author={Chen, Xi and Kingma, Diederik P and Salimans, Tim and Duan, Yan and Dhariwal, Prafulla and Schulman, John and Sutskever, Ilya and Abbeel, Pieter},
  journal={arXiv preprint arXiv:1611.02731},
  year={2016}
}

@article{pixelvae,
  title={{PixelVAE}: A latent variable model for natural images},
  author={Gulrajani, Ishaan and Kumar, Kundan and Ahmed, Faruk and Taiga, Adrien Ali and Visin, Francesco and Vazquez, David and Courville, Aaron},
  journal={arXiv preprint arXiv:1611.05013},
  year={2016}
}

@inproceedings{vaehieararchy,
  title={An architecture for deep, hierarchical generative models},
  author={Bachman, Philip},
  booktitle={Advances in Neural Information Processing Systems},
  pages={4826--4834},
  year={2016}
}

@article{vaeunderstanding,
  title={Towards deeper understanding of variational autoencoding models},
  author={Zhao, Shengjia and Song, Jiaming and Ermon, Stefano},
  journal={arXiv preprint arXiv:1702.08658},
  year={2017}
}

@inproceedings{vqvae,
  title={Neural discrete representation learning},
  author={van den Oord, Aaron and Vinyals, Oriol and others},
  booktitle={Advances in Neural Information Processing Systems},
  pages={6306--6315},
  year={2017}
}

@inproceedings{manifoldmanipulation,
  title={Generative visual manipulation on the natural image manifold},
  author={Zhu, Jun-Yan and Kr{\"a}henb{\"u}hl, Philipp and Shechtman, Eli and Efros, Alexei A},
  booktitle={European Conference on Computer Vision},
  pages={597--613},
  year={2016},
  organization={Springer}
}

@inproceedings{imageinpainting,
  title={Semantic Image Inpainting with Deep Generative Models.},
  author={Yeh, Raymond A and Chen, Chen and Lim, Teck-Yian and Schwing, Alexander G and Hasegawa-Johnson, Mark and Do, Minh N},
  booktitle={CVPR},
  volume={2},
  number={3},
  pages={4},
  year={2017}
}

@article{manifoldmixup,
  title={Manifold Mixup: Learning Better Representations by Interpolating Hidden States},
  author={Verma, Vikas and Lamb, Alex and Beckham, Christopher and Courville, Aaron and Mitliagkis, Ioannis and Bengio, Yoshua},
  journal={arXiv preprint arXiv:1806.05236},
  year={2018}
}

@inproceedings{resnet,
  title={Deep residual learning for image recognition},
  author={He, Kaiming and Zhang, Xiangyu and Ren, Shaoqing and Sun, Jian},
  booktitle={Proceedings of the IEEE conference on computer vision and pattern recognition},
  pages={770--778},
  year={2016}
}

@article{likelihoodestimation,
  title={On the quantitative analysis of decoder-based generative models},
  author={Wu, Yuhuai and Burda, Yuri and Salakhutdinov, Ruslan and Grosse, Roger},
  journal={arXiv preprint arXiv:1611.04273},
  year={2016}
}

@article{ganmetrics,
  title={An empirical study on evaluation metrics of generative adversarial networks},
  author={Xu, Qiantong and Huang, Gao and Yuan, Yang and Guo, Chuan and Sun, Yu and Wu, Felix and Weinberger, Kilian},
  journal={arXiv preprint arXiv:1806.07755},
  year={2018}
}

@inproceedings{mmd,
  title={A kernel method for the two-sample-problem},
  author={Gretton, Arthur and Borgwardt, Karsten M and Rasch, Malte and Sch{\"o}lkopf, Bernhard and Smola, Alex J},
  booktitle={Advances in neural information processing systems},
  pages={513--520},
  year={2007}
}

@inproceedings{denoisingautoencoder,
  title={Extracting and composing robust features with denoising autoencoders},
  author={Vincent, Pascal and Larochelle, Hugo and Bengio, Yoshua and Manzagol, Pierre-Antoine},
  booktitle={Proceedings of the 25th international conference on Machine learning},
  pages={1096--1103},
  year={2008},
  organization={ACM}
}

@article{stackeddenoising,
  title={Stacked denoising autoencoders: Learning useful representations in a deep network with a local denoising criterion},
  author={Vincent, Pascal and Larochelle, Hugo and Lajoie, Isabelle and Bengio, Yoshua and Manzagol, Pierre-Antoine},
  journal={Journal of machine learning research},
  volume={11},
  number={Dec},
  pages={3371--3408},
  year={2010}
}

@article{mnist,
  title={The {MNIST} database of handwritten digits},
  author={LeCun, Yann},
  journal={\url{http://yann.lecun.com/exdb/mnist/}},
  year={1998}
}

@inproceedings{binarisedmnist,
  title={On the quantitative analysis of deep belief networks},
  author={Salakhutdinov, Ruslan and Murray, Iain},
  booktitle={Proceedings of the 25th international conference on Machine learning},
  pages={872--879},
  year={2008},
  organization={ACM}
}

@techreport{cifar,
  title={Learning multiple layers of features from tiny images},
  author={Krizhevsky, Alex and Hinton, Geoffrey},
  year={2009},
  institution={Citeseer}
}

@inproceedings{imagenet,
  title={Imagenet classification with deep convolutional neural networks},
  author={Krizhevsky, Alex and Sutskever, Ilya and Hinton, Geoffrey E},
  booktitle={Advances in neural information processing systems},
  pages={1097--1105},
  year={2012}
}

@article{batchnormalisation,
  title={Batch normalization: Accelerating deep network training by reducing internal covariate shift},
  author={Ioffe, Sergey and Szegedy, Christian},
  journal={arXiv preprint arXiv:1502.03167},
  year={2015}
}

@article{decisions1,
  title={Probabilistic decision making by slow reverberation in cortical circuits},
  author={Wang, Xiao-Jing},
  journal={Neuron},
  volume={36},
  number={5},
  pages={955--968},
  year={2002},
  publisher={Elsevier}
}

@article{decisions2,
  title={A role for neural integrators in perceptual decision making},
  author={Mazurek, Mark E and Roitman, Jamie D and Ditterich, Jochen and Shadlen, Michael N},
  journal={Cerebral cortex},
  volume={13},
  number={11},
  pages={1257--1269},
  year={2003},
  publisher={Oxford University Press}
}

@article{gantournament,
  title={Skill Rating for Generative Models},
  author={Olsson, Catherine and Bhupatiraju, Surya and Brown, Tom and Odena, Augustus and Goodfellow, Ian},
  journal={arXiv preprint arXiv:1808.04888},
  year={2018}
}

@inproceedings{denselyconnected,
  title={Densely Connected Convolutional Networks.},
  author={Huang, Gao and Liu, Zhuang and Van Der Maaten, Laurens and Weinberger, Kilian Q},
  booktitle={CVPR},
  volume={1},
  number={2},
  pages={3},
  year={2017}
}

@inproceedings{gradientclipping,
  title={On the difficulty of training recurrent neural networks},
  author={Pascanu, Razvan and Mikolov, Tomas and Bengio, Yoshua},
  booktitle={International Conference on Machine Learning},
  pages={1310--1318},
  year={2013}
}

@article{autoregressive1,
  title={Fitting autoregressive models for prediction},
  author={Akaike, Hirotugu},
  journal={Annals of the institute of Statistical Mathematics},
  volume={21},
  number={1},
  pages={243--247},
  year={1969},
  publisher={Springer}
}

@incollection{timeseries,
  title={Time series analysis},
  author={Wei, William WS},
  booktitle={The Oxford Handbook of Quantitative Methods in Psychology: Vol. 2},
  year={2006}
}

@article{noncausalimage1,
  title={Fitting noncausal autoregressive signal plus noise models to noisy non-{Gaussian} linear processes},
  author={Tugnait, J},
  journal={IEEE Transactions on Automatic control},
  volume={32},
  number={6},
  pages={547--552},
  year={1987},
  publisher={IEEE}
}

@article{noncausalimage2,
  title={Texture synthesis using 2-{D} noncausal autoregressive models},
  author={Chellappa, Rama and Kashyap, RL},
  journal={IEEE Transactions on Acoustics, Speech, and Signal Processing},
  volume={33},
  number={1},
  pages={194--203},
  year={1985},
  publisher={IEEE}
}

@article{noncausalsignal,
  title={Higher-order spectrum estimation via noncausal autoregressive modeling and deconvolution},
  author={Nikias, Chrysostomos L and Hsing-Hsing, Chiang},
  journal={IEEE Transactions on Acoustics, Speech, and Signal Processing},
  volume={36},
  number={12},
  pages={1911--1913},
  year={1988},
  publisher={IEEE}
}
  
@article{noncausaleco1,
  title={Noncausal autoregressions for economic time series},
  author={Lanne, Markku and Saikkonen, Pentti},
  journal={Journal of Time Series Econometrics},
  volume={3},
  number={3},
  year={2011},
  publisher={De Gruyter}
}

@article{noncausaleco2,
  title={Optimal forecasting of noncausal autoregressive time series},
  author={Lanne, Markku and Luoto, Jani and Saikkonen, Pentti},
  journal={International Journal of Forecasting},
  volume={28},
  number={3},
  pages={623--631},
  year={2012},
  publisher={Elsevier}
}

@article{noncausallikelihood,
  title={Maximum likelihood estimation for noncausal autoregressive processes.},
  author={Breidt, F Jay and Davis, Richard and Lii, Keh-Shin and Rosenblatt, Murray},
  journal={J. Multivariate Anal.},
  volume={36},
  number={2},
  pages={175--198},
  year={1991}
}

@article{mrf1,
  title={Markov random fields and their applications},
  author={Kindermann, Ross},
  journal={American mathematical society},
  year={1980}
}

@article{mrf2,
  title={Probabilistic solution of ill-posed problems in computational vision},
  author={Marroquin, Jose and Mitter, Sanjoy and Poggio, Tomaso},
  journal={Journal of the american statistical association},
  volume={82},
  number={397},
  pages={76--89},
  year={1987},
  publisher={Taylor \& Francis Group}
}

@article{crf1,
  title={Conditional random fields: Probabilistic models for segmenting and labeling sequence data},
  author={Lafferty, John and McCallum, Andrew and Pereira, Fernando CN},
  year={2001}
}

@inproceedings{crf2,
  title={Discriminative random fields: A discriminative framework for contextual interaction in classification},
  author={Kumar, Sanjiv and others},
  booktitle={Computer Vision, 2003. Proceedings. Ninth IEEE International Conference on},
  pages={1150--1157},
  year={2003},
  organization={IEEE}
}

@article{mrflearning1,
  title={Stochastic relaxation, {Gibbs} distributions, and the {Bayesian} restoration of images},
  author={Geman, Stuart and Geman, Donald},
  journal={IEEE Transactions on pattern analysis and machine intelligence},
  number={6},
  pages={721--741},
  year={1984},
  publisher={IEEE}
}

@article{mrflearning2,
  title={A comparative study of energy minimization methods for {Markov} random fields with smoothness-based priors},
  author={Szeliski, Richard and Zabih, Ramin and Scharstein, Daniel and Veksler, Olga and Kolmogorov, Vladimir and Agarwala, Aseem and Tappen, Marshall and Rother, Carsten},
  journal={IEEE transactions on pattern analysis and machine intelligence},
  volume={30},
  number={6},
  pages={1068--1080},
  year={2008},
  publisher={IEEE}
}

@inproceedings{mrfuse1,
  title={Learning {Gaussian} conditional random fields for low-level vision},
  author={Tappen, Marshall F and Liu, Ce and Adelson, Edward H and Freeman, William T},
  booktitle={2007 IEEE Conference on Computer Vision and Pattern Recognition},
  pages={1--8},
  year={2007},
  organization={IEEE}
}

@article{mrfuse2,
  title={{TextonBoost} for image understanding: Multi-class object recognition and segmentation by jointly modeling texture, layout, and context},
  author={Shotton, Jamie and Winn, John and Rother, Carsten and Criminisi, Antonio},
  journal={International Journal of Computer Vision},
  volume={81},
  number={1},
  pages={2--23},
  year={2009},
  publisher={Springer}
}

@inproceedings{deepmrf,
  title={Deep {M}arkov random field for image modeling},
  author={Wu, Zhirong and Lin, Dahua and Tang, Xiaoou},
  booktitle={European Conference on Computer Vision},
  pages={295--312},
  year={2016},
  organization={Springer}
}

@article{brnn1,
  title={Bidirectional recurrent neural networks},
  author={Schuster, Mike and Paliwal, Kuldip K},
  journal={IEEE Transactions on Signal Processing},
  volume={45},
  number={11},
  pages={2673--2681},
  year={1997},
  publisher={IEEE}
}

@article{brnn2,
  title={Exploiting the past and the future in protein secondary structure prediction},
  author={Baldi, Pierre and Brunak, S{\o}ren and Frasconi, Paolo and Soda, Giovanni and Pollastri, Gianluca},
  journal={Bioinformatics},
  volume={15},
  number={11},
  pages={937--946},
  year={1999},
  publisher={Oxford University Press}
}

@inproceedings{brnnuse1,
  title={Hybrid speech recognition with deep bidirectional {LSTM}},
  author={Graves, Alex and Jaitly, Navdeep and Mohamed, Abdel-rahman},
  booktitle={Automatic Speech Recognition and Understanding (ASRU), 2013 IEEE Workshop on},
  pages={273--278},
  year={2013},
  organization={IEEE}
}

@article{brnnuse2,
  title={First-pass large vocabulary continuous speech recognition using bi-directional recurrent {DNN}s},
  author={Hannun, Awni Y and Maas, Andrew L and Jurafsky, Daniel and Ng, Andrew Y},
  journal={arXiv preprint arXiv:1408.2873},
  year={2014}
}

@article{brnnuse3,
  title={Using recurrent neural networks for slot filling in spoken language understanding},
  author={Mesnil, Gr{\'e}goire and Dauphin, Yann and Yao, Kaisheng and Bengio, Yoshua and Deng, Li and Hakkani-Tur, Dilek and He, Xiaodong and Heck, Larry and Tur, Gokhan and Yu, Dong and others},
  journal={IEEE/ACM Transactions on Audio, Speech, and Language Processing},
  volume={23},
  number={3},
  pages={530--539},
  year={2015},
  publisher={IEEE}
}

@inproceedings{brnndenoise,
  title={Bidirectional recurrent neural networks as generative models},
  author={Berglund, Mathias and Raiko, Tapani and Honkala, Mikko and K{\"a}rkk{\"a}inen, Leo and Vetek, Akos and Karhunen, Juha T},
  booktitle={Advances in Neural Information Processing Systems},
  pages={856--864},
  year={2015}
}

@article{brnnsearch,
  title={Bidirectional Beam Search: Forward-Backward Inference in Neural Sequence Models for Fill-in-the-Blank Image Captioning},
  author={Sun, Qing and Lee, Stefan and Batra, Dhruv},
  journal={arXiv preprint arXiv:1705.08759},
  year={2017}
}

@article{brits,
  title={{BRITS}: Bidirectional Recurrent Imputation for Time Series},
  author={Cao, Wei and Wang, Dong and Li, Jian and Zhou, Hao and Li, Lei and Li, Yitan},
  journal={arXiv preprint arXiv:1805.10572},
  year={2018}
}

@book{sparse1,
  title={Statistical learning with sparsity: the lasso and generalizations},
  author={Hastie, Trevor and Tibshirani, Robert and Wainwright, Martin},
  year={2015},
  publisher={CRC press}
}

@inproceedings{sparse2,
  title={Learning structured sparsity in deep neural networks},
  author={Wen, Wei and Wu, Chunpeng and Wang, Yandan and Chen, Yiran and Li, Hai},
  booktitle={Advances in Neural Information Processing Systems},
  pages={2074--2082},
  year={2016}
}

@article{rnn,
  title={Finding structure in time},
  author={Elman, Jeffrey L},
  journal={Cognitive science},
  volume={14},
  number={2},
  pages={179--211},
  year={1990},
  publisher={Wiley Online Library}
}

@inproceedings{rcnnlabel,
  title={Recurrent convolutional neural networks for scene labeling},
  author={Pinheiro, Pedro HO and Collobert, Ronan},
  booktitle={31st International Conference on Machine Learning (ICML)},
  number={EPFL-CONF-199822},
  year={2014}
}

@inproceedings{rcnnobject,
  title={Recurrent convolutional neural network for object recognition},
  author={Liang, Ming and Hu, Xiaolin},
  booktitle={Proceedings of the IEEE Conference on Computer Vision and Pattern Recognition},
  pages={3367--3375},
  year={2015}
}

@inproceedings{rcnnreinforcement,
  title={Reinforcement learning via recurrent convolutional neural networks},
  author={Shankar, Tanmay and Dwivedy, Santosha K and Guha, Prithwijit},
  booktitle={Pattern Recognition (ICPR), 2016 23rd International Conference on},
  pages={2592--2597},
  year={2016},
  organization={IEEE}
}

@inproceedings{rcnnsaliency,
  title={Saliency detection with recurrent fully convolutional networks},
  author={Wang, Linzhao and Wang, Lijun and Lu, Huchuan and Zhang, Pingping and Ruan, Xiang},
  booktitle={European Conference on Computer Vision},
  pages={825--841},
  year={2016},
  organization={Springer}
}

@article{rcnnbio,
  title={Recurrent convolutional neural networks: a better model of biological object recognition},
  author={Spoerer, Courtney J and McClure, Patrick and Kriegeskorte, Nikolaus},
  journal={Frontiers in psychology},
  volume={8},
  pages={1551},
  year={2017},
  publisher={Frontiers}
}

@inproceedings{crfrcnn,
  title={Conditional random fields as recurrent neural networks},
  author={Zheng, Shuai and Jayasumana, Sadeep and Romera-Paredes, Bernardino and Vineet, Vibhav and Su, Zhizhong and Du, Dalong and Huang, Chang and Torr, Philip HS},
  booktitle={Proceedings of the IEEE international conference on computer vision},
  pages={1529--1537},
  year={2015}
}

@article{rcnnspeech,
  title={Convolutional-Recurrent Neural Networks for Speech Enhancement},
  author={Zhao, Han and Zarar, Shuayb and Tashev, Ivan and Lee, Chin-Hui},
  journal={arXiv preprint arXiv:1805.00579},
  year={2018}
}

@inproceedings{nade,
  title={The neural autoregressive distribution estimator},
  author={Larochelle, Hugo and Murray, Iain},
  booktitle={Proceedings of the Fourteenth International Conference on Artificial Intelligence and Statistics},
  pages={29--37},
  year={2011}
}

@inproceedings{dnade,
  title={A deep and tractable density estimator},
  author={Uria, Benigno and Murray, Iain and Larochelle, Hugo},
  booktitle={International Conference on Machine Learning},
  pages={467--475},
  year={2014}
}

@article{cnade,
  title={Neural autoregressive distribution estimation},
  author={Uria, Benigno and C{\^o}t{\'e}, Marc-Alexandre and Gregor, Karol and Murray, Iain and Larochelle, Hugo},
  journal={The Journal of Machine Learning Research},
  volume={17},
  number={1},
  pages={7184--7220},
  year={2016},
  publisher={JMLR. org}
}

@inproceedings{denoisinggenerative,
  title={Generalized denoising auto-encoders as generative models},
  author={Bengio, Yoshua and Yao, Li and Alain, Guillaume and Vincent, Pascal},
  booktitle={Advances in Neural Information Processing Systems},
  pages={899--907},
  year={2013}
}

@inproceedings{gsn,
  title={Deep generative stochastic networks trainable by backprop},
  author={Bengio, Yoshua and Laufer, Eric and Alain, Guillaume and Yosinski, Jason},
  booktitle={International Conference on Machine Learning},
  pages={226--234},
  year={2014}
}

@inproceedings{gsnnade,
  title={On the equivalence between deep {NADE} and generative stochastic networks},
  author={Yao, Li and Ozair, Sherjil and Cho, Kyunghyun and Bengio, Yoshua},
  booktitle={Joint European Conference on Machine Learning and Knowledge Discovery in Databases},
  pages={322--336},
  year={2014},
  organization={Springer}
}

@inproceedings{markovinference,
  title={{M}arkov chain {M}onte {C}arlo and variational inference: Bridging the gap},
  author={Salimans, Tim and Kingma, Diederik and Welling, Max},
  booktitle={International Conference on Machine Learning},
  pages={1218--1226},
  year={2015}
}

@article{denoisingthermo,
  title={Deep unsupervised learning using nonequilibrium thermodynamics},
  author={Sohl-Dickstein, Jascha and Weiss, Eric A and Maheswaranathan, Niru and Ganguli, Surya},
  journal={arXiv preprint arXiv:1503.03585},
  year={2015}
}

@article{iterativeclosest,
  title={An Iterative Closest Points Approach to Neural Generative Models},
  author={Rajam{\"a}ki, Joose and H{\"a}m{\"a}l{\"a}inen, Perttu},
  journal={arXiv preprint arXiv:1711.06562},
  year={2017}
}

@article{infusion,
  title={Learning to generate samples from noise through infusion training},
  author={Bordes, Florian and Honari, Sina and Vincent, Pascal},
  journal={arXiv preprint arXiv:1703.06975},
  year={2017}
}

@inproceedings{transitionstochastic,
  title={Variational walkback: Learning a transition operator as a stochastic recurrent net},
  author={Goyal, Anirudh Goyal Alias Parth and Ke, Nan and Ganguli, Surya and Bengio, Yoshua},
  booktitle={Advances in Neural Information Processing Systems},
  pages={4392--4402},
  year={2017}
}

@inproceedings{dnfreinforcement,
  title={A neural field approach to topological reinforcement learning in continuous action spaces},
  author={Gross, H-M and Stephan, V and Krabbes, M},
  booktitle={Neural Networks Proceedings, 1998. IEEE World Congress on Computational Intelligence. The 1998 IEEE International Joint Conference on},
  volume={3},
  pages={1992--1997},
  year={1998},
  organization={IEEE}
}

@article{dnfrobots2,
  title={The dynamic neural field approach to cognitive robotics},
  author={Erlhagen, Wolfram and Bicho, Estela},
  journal={Journal of neural engineering},
  volume={3},
  number={3},
  pages={R36},
  year={2006},
  publisher={IOP Publishing}
}

@article{dnfrobots3,
  title={Dynamic neural fields as building blocks of a cortex-inspired architecture for robotic scene representation},
  author={Zibner, Stephan KU and Faubel, Christian and Iossifidis, Ioannis and Schoner, Gregor},
  journal={IEEE Transactions on Autonomous Mental Development},
  volume={3},
  number={1},
  pages={74--91},
  year={2011},
  publisher={IEEE}
}


@incollection{dnfrobots,
  title={A dynamic neural field approach to natural and efficient human-robot collaboration},
  author={Erlhagen, Wolfram and Bicho, Estela},
  booktitle={Neural fields},
  pages={341--365},
  year={2014},
  publisher={Springer}
}

@article{dnfneuromorphic,
  title={Dynamic neural fields as a step toward cognitive neuromorphic architectures},
  author={Sandamirskaya, Yulia},
  journal={Frontiers in Neuroscience},
  volume={7},
  pages={276},
  year={2014},
  publisher={Frontiers}
}

@article{ellias1975pattern,
  title={Pattern formation, contrast control, and oscillations in the short term memory of shunting on-center off-surround networks},
  author={Ellias, Samuel A and Grossberg, Stephen},
  journal={Biological Cybernetics},
  volume={20},
  number={2},
  pages={69--98},
  year={1975},
  publisher={Springer}
}

@article{amari1977dynamics,
  title={Dynamics of pattern formation in lateral-inhibition type neural fields},
  author={Amari, Shun-ichi},
  journal={Biological cybernetics},
  volume={27},
  number={2},
  pages={77--87},
  year={1977},
  publisher={Springer}
}

@article{kopecz1995saccadic,
  title={Saccadic motor planning by integrating visual information and pre-information on neural dynamic fields},
  author={Kopecz, Klaus and Sch{\"o}ner, Gregor},
  journal={Biological cybernetics},
  volume={73},
  number={1},
  pages={49--60},
  year={1995},
  publisher={Springer}
}

@article{ermentrout1998neural,
  title={Neural networks as spatio-temporal pattern-forming systems},
  author={Ermentrout, Bard},
  journal={Reports on progress in physics},
  volume={61},
  number={4},
  pages={353},
  year={1998},
  publisher={IOP Publishing}
}

@article{sandamirskaya2010embodied,
  title={An embodied account of serial order: How instabilities drive sequence generation},
  author={Sandamirskaya, Yulia and Sch{\"o}ner, Gregor},
  journal={Neural Networks},
  volume={23},
  number={10},
  pages={1164--1179},
  year={2010},
  publisher={Elsevier}
}

@article{redgrave1999basal,
  title={The basal ganglia: a vertebrate solution to the selection problem?},
  author={Redgrave, Peter and Prescott, Tony J and Gurney, Kevin},
  journal={Neuroscience},
  volume={89},
  number={4},
  pages={1009--1023},
  year={1999},
  publisher={Elsevier}
}

@article{cisek2007cortical,
  title={Cortical mechanisms of action selection: the affordance competition hypothesis},
  author={Cisek, Paul},
  journal={Philosophical Transactions of the Royal Society of London B: Biological Sciences},
  volume={362},
  number={1485},
  pages={1585--1599},
  year={2007},
  publisher={The Royal Society}
}

@article{cisek2010neural,
  title={Neural mechanisms for interacting with a world full of action choices},
  author={Cisek, Paul and Kalaska, John F},
  journal={Annual review of neuroscience},
  volume={33},
  pages={269--298},
  year={2010},
  publisher={Annual Reviews}
}

@article{romani1982tonotopic,
  title={Tonotopic organization of the human auditory cortex},
  author={Romani, Gian Luca and Williamson, Samuel J and Kaufman, Lloyd},
  journal={Science},
  volume={216},
  number={4552},
  pages={1339--1340},
  year={1982},
  publisher={American Association for the Advancement of Science}
}

@article{nakamura1998somatosensory,
  title={Somatosensory homunculus as drawn by MEG},
  author={Nakamura, Akinori and Yamada, Takako and Goto, Atsuko and Kato, Takashi and Ito, Kengo and Abe, Yuji and Kachi, Teruhiko and Kakigi, Ryusuke},
  journal={Neuroimage},
  volume={7},
  number={4},
  pages={377--386},
  year={1998},
  publisher={Elsevier}
}

@article{kleinschmidt1998human,
  title={Human brain activity during spontaneously reversing perception of ambiguous figures},
  author={Kleinschmidt, Andreas and B{\"u}chel, C and Zeki, Semir and Frackowiak, Richard SJ},
  journal={Proceedings of the Royal Society of London B: Biological Sciences},
  volume={265},
  number={1413},
  pages={2427--2433},
  year={1998},
  publisher={The Royal Society}
}

@article{erlhagen1999distribution,
  title={The distribution of neuronal population activation (DPA) as a tool to study interaction and integration in cortical representations},
  author={Erlhagen, Wolfram and Bastian, Annette and Jancke, Dirk and Riehle, Alexa and Sch{\"o}ner, Gregor},
  journal={Journal of neuroscience methods},
  volume={94},
  number={1},
  pages={53--66},
  year={1999},
  publisher={Elsevier}
}

@article{douglas2004neuronal,
  title={Neuronal circuits of the neocortex},
  author={Douglas, Rodney J and Martin, Kevan AC},
  journal={Annu. Rev. Neurosci.},
  volume={27},
  pages={419--451},
  year={2004},
  publisher={Annual Reviews}
}

@article{brincat2006dynamic,
  title={Dynamic shape synthesis in posterior inferotemporal cortex},
  author={Brincat, Scott L and Connor, Charles E},
  journal={Neuron},
  volume={49},
  number={1},
  pages={17--24},
  year={2006},
  publisher={Elsevier}
}